=LDR  01874 am a2200481 i 4500
=001  020010792
=003  Uk
=005  20210127102301.0
=006  m\\\\||\\d\|\\\\\\
=007  cr\|||||||||||
=008  201115s2020\\\\xxk|||||o\\\\||||\||eng\\
=FMT  \\$a  BK
=015  \\$aGBC0I1751$2bnb
=040  \\$aUk$beng$cUk
=042  \\$aukblsr
=082  04$a362.1$223
=245  00$aEast of England :$blower tier local authority watchlist - epidemiological charts.
=264  \1$a[United Kingdom] :$bDepartment of Health and Social Care,$c2020.
=300  \\$a1 online resource.
=336  \\$atext$2rdacontent
=337  \\$acomputer$2rdamedia
=338  \\$aonline resource$2rdacarrier
=690  7\$aSocial Welfare$2blcoll
=690  7\$aScience, Technology and Medicine$2blcoll
=690  7\$aOpen Government Licence Collection$2blcoll
=650  \7$aPublic health$2fast$0(OCoLC)fst01082238
=710  1\$aGreat Britain.$bDepartment of Health & Social Care.
=856  40$uhttps://www.webarchive.org.uk/access/resolve/20201031001600/https://assets.publishing.service.gov.uk/government/uploads/system/uploads/attachment_data/file/931721/Watchlist_LA_EpiSlides_East_of_England_2020-10-26.pdf$yCollection item
=859  \\$aELD$bebook
=852  \\$aBritish Library$bHMNTS$cDRT$jELD.DS.571066
=985  \\$aDocument Harvester record do not match & merge
=CAT  \\$aBATCH-EBKN$b00$c20201115$lBLL01$h0201
=CAT  \\$aEBKS-FXD$c20201115$lBLL01$h0208
=CAT  \\$aBATCH$b00$c20201115$lBLL01$h0208
=CAT  \\$aBATCH-DDC$b00$c20201117$lBLL01$h1728
=CAT  \\$aBATCH$b00$c20201117$lBLL01$h1728
=CAT  \\$a15190$b40$c20210125$lBLL01$h1144
=CAT  \\$a8874$b40$c20210127$lBLL01$h1023
=FIN  \\$aY$d20201117
=DRT  \\$aLD-ebooks
=SRC  \\$aDocument Harvester
=STA  \\$aSUPPRESSED$bRe-batched as serial
=LAS  \\$a8874$b40$c20210127$lBLL01$h1023

