=LDR  01939cam a2200493 i 4500
=001  020028761
=003  Uk
=005  20230527222441.0
=006  m\\\\||\\d\|\\\\\\
=007  cr\|||||||||||
=008  201202s2020\\\\xxk|||||o\\\\||||\||eng\\
=FMT  \\$a  BK
=015  \\$aGBC0J5250$2bnb
=040  \\$aUk$beng$cUk
=042  \\$aukblsr
=082  04$a362.1$223
=245  00$aAntimicrobial resistance in Neisseria gonorrhoeae in England and Wales :$bKey findings from the Gonococcal Resistance to Antimicrobials Surveillance Programme (GRASP 2019).
=264  \1$a[United Kingdom] :$bPublic Health England,$c2020.
=300  \\$a1 online resource.
=336  \\$atext$2rdacontent
=337  \\$acomputer$2rdamedia
=338  \\$aonline resource$2rdacarrier
=690  7\$aSocial Welfare$2blcoll
=690  7\$aScience, Technology and Medicine$2blcoll
=690  7\$aOpen Government Licence Collection$2blcoll
=650  \7$aPublic health$2fast$0(OCoLC)fst01082238
=650  \7$aDiseases$2fast$0(OCoLC)fst00895158
=710  2\$aPublic Health England.
=856  40$uhttps://www.webarchive.org.uk/access/resolve/20201118120642/https://assets.publishing.service.gov.uk/government/uploads/system/uploads/attachment_data/file/936166/GRASP_2019_report.pdf$yCollection item
=859  \\$aELD$bebook
=852  \\$aBritish Library$bHMNTS$cDRT$jELD.DS.575854
=985  \\$aDocument Harvester record do not match & merge
=CAT  \\$aBATCH-EBKN$b00$c20201202$lBLL01$h0201
=CAT  \\$aEBKS-FXD$c20201202$lBLL01$h0205
=CAT  \\$aBATCH$b00$c20201202$lBLL01$h0205
=CAT  \\$aBATCH-DDC$b00$c20201208$lBLL01$h1732
=CAT  \\$aBATCH$b00$c20201208$lBLL01$h1732
=CAT  \\$a14412$b40$c20220831$lBLL01$h0920
=CAT  \\$a15623$b40$c20230527$lBLL01$h2224
=FIN  \\$aY$d20201208
=DRT  \\$aLD-ebooks
=SRC  \\$aDocument Harvester
=STA  \\$aSUPPRESSED$bRebatched as Serial
=LAS  \\$a15623$b40$c20230527$lBLL01$h2224

