=LDR  01833 am a2200493 i 4500
=001  020046682
=003  Uk
=005  20210616114840.0
=006  m\\\\||\\d\|\\\\\\
=007  cr\|||||||||||
=008  201221s2020\\\\xxk|||||o\\\\||||\||eng\\
=FMT  \\$a  BK
=015  \\$aGBC0K3401$2bnb
=040  \\$aUk$beng$cUk
=042  \\$aukblsr
=082  04$a363.2$223
=245  00$aUser guide to 'Police use of force statistics, England and Wales'.
=250  \\$aUpdated: 17 December 2020.
=264  \1$a[United Kingdom] :$bHome Office,$c2020.
=300  \\$a1 online resource.
=336  \\$atext$2rdacontent
=337  \\$acomputer$2rdamedia
=338  \\$aonline resource$2rdacarrier
=690  7\$aSocial Welfare$2blcoll
=690  7\$aOpen Government Licence Collection$2blcoll
=650  \7$aPolice.$2fast$0(OCoLC)fst01068398
=655  \7$aStatistics$2fast$0(OCoLC)fst01423727
=710  1\$aGreat Britain.$bHome Office.
=856  40$uhttps://www.webarchive.org.uk/access/resolve/20201217130027/https://assets.publishing.service.gov.uk/government/uploads/system/uploads/attachment_data/file/945436/user-guide-police-use-of-force-dec20.pdf$yCollection item
=859  \\$aELD$bebook
=852  \\$aBritish Library$bHMNTS$cDRT$jELD.DS.580880
=985  \\$aDocument Harvester record do not match & merge
=CAT  \\$aBATCH-EBKN$b00$c20201221$lBLL01$h0210
=CAT  \\$aEBKS-FXD$c20201221$lBLL01$h0222
=CAT  \\$aBATCH$b00$c20201221$lBLL01$h0223
=CAT  \\$aBATCH-DDC$b00$c20201222$lBLL01$h1731
=CAT  \\$aBATCH$b00$c20201222$lBLL01$h1731
=CAT  \\$a3391$b40$c20210121$lBLL01$h1341
=CAT  \\$a15190$b40$c20210616$lBLL01$h1148
=FIN  \\$aY$d20201222
=DRT  \\$aLD-ebooks
=SRC  \\$aDocument Harvester
=STA  \\$aSUPPRESSED$bRebatched as Serial
=LAS  \\$a15190$b40$c20210616$lBLL01$h1148

