=LDR  01939 am a2200481 i 4500
=001  020116613
=003  Uk
=005  20210420113323.0
=006  m\\\\||\\d\|\\\\\\
=007  cr\|||||||||||
=008  210301s2021\\\\xxk|||||o\\\\||||\||eng\\
=FMT  \\$a  BK
=015  \\$aGBC136581$2bnb
=040  \\$aUk$beng$cUk
=042  \\$aukblsr
=082  04$a331.21$223
=245  00$aNational Living Wage and National Minimum Wage :$bGovernment evidence on compliance and enforcement 2019/20.
=264  \1$a[United Kingdom] :$bDepartment for Business, Energy & Industrial Strategy,$c2021.
=300  \\$a1 online resource.
=336  \\$atext$2rdacontent
=337  \\$acomputer$2rdamedia
=338  \\$aonline resource$2rdacarrier
=690  7\$aManagement and Business Studies$2blcoll
=690  7\$aOpen Government Licence Collection$2blcoll
=650  \7$aWages.$2fast$0(OCoLC)fst01169492
=650  \7$aMinimum wage.$2fast$0(OCoLC)fst01022855
=710  1\$aGreat Britain.$bDepartment for Business, Energy & Industrial Strategy.
=856  40$uhttps://www.webarchive.org.uk/access/resolve/20210224211040/https://assets.publishing.service.gov.uk/government/uploads/system/uploads/attachment_data/file/964235/nmw-enforcement-compliance-report-2019-2020.pdf$yCollection item
=859  \\$aELD$bebook
=852  \\$aBritish Library$bHMNTS$cDRT$jELD.DS.596887
=985  \\$aDocument Harvester record do not match & merge
=CAT  \\$aBATCH-EBKN$b00$c20210301$lBLL01$h0201
=CAT  \\$aEBKS-FXD$c20210301$lBLL01$h0204
=CAT  \\$aBATCH$b00$c20210301$lBLL01$h0205
=CAT  \\$aBATCH-DDC$b00$c20210302$lBLL01$h1732
=CAT  \\$aBATCH$b00$c20210302$lBLL01$h1732
=CAT  \\$a3391$b40$c20210308$lBLL01$h0138
=CAT  \\$a15190$b40$c20210420$lBLL01$h1133
=FIN  \\$aY$d20210302
=DRT  \\$aLD-ebooks
=SRC  \\$aDocument Harvester
=STA  \\$aSUPPRESSED$bRebatched as Serial
=LAS  \\$a15190$b40$c20210420$lBLL01$h1133

