=LDR  01763cam a2200469 i 4500
=001  020192752
=003  Uk
=005  20230829120404.0
=006  m\\\\||\\d\|\\\\\\
=007  cr\|||||||||||
=008  210518s2021\\\\xxk|||||o\\\\||||\||eng\\
=FMT  \\$a  BK
=015  \\$aGBC178098$2bnb
=040  \\$aUk$beng$cUk
=042  \\$aukblsr
=082  04$a351.41$223
=245  00$aCivil Service People Survey 2020 :$bTechnical Guide.
=264  \1$a[United Kingdom] :$bCabinet Office,$c2021.
=300  \\$a1 online resource.
=336  \\$atext$2rdacontent
=337  \\$acomputer$2rdamedia
=338  \\$aonline resource$2rdacarrier
=690  7\$aOpen Government Licence Collection$2blcoll
=650  \7$aCivil service$2fast$0(OCoLC)fst00862730
=690  7\$aManagement and Business Studies$2blcoll
=710  1\$aGreat Britain.$bCabinet Office.
=856  40$uhttps://www.webarchive.org.uk/access/resolve/20210508131322/https://assets.publishing.service.gov.uk/government/uploads/system/uploads/attachment_data/file/977279/Civil_Service_People_Survey_2020-_Technical_Guide.pdf$yCollection item
=859  \\$aELD$bebook
=852  \\$aBritish Library$bHMNTS$cDRT$jELD.DS.613322
=985  \\$aDocument Harvester record do not match & merge
=CAT  \\$aBATCH-EBKN$b00$c20210518$lBLL01$h0201
=CAT  \\$aEBKS-FXD$c20210518$lBLL01$h0208
=CAT  \\$aBATCH$b00$c20210518$lBLL01$h0208
=CAT  \\$aBATCH-DDC$b00$c20210518$lBLL01$h1728
=CAT  \\$aBATCH$b00$c20210518$lBLL01$h1728
=CAT  \\$aBATCH-MBS$c20210521$lBLL01$h2116
=CAT  \\$a14412$b40$c20230829$lBLL01$h1204
=FIN  \\$aY$d20210518
=DRT  \\$aLD-ebooks
=SRC  \\$aDocument Harvester
=STA  \\$aSUPPRESSED$bRebatched as Serial
=LAS  \\$a14412$b40$c20230829$lBLL01$h1204

