=LDR  01564 am a22004095i 4500
=001  019215149
=003  Uk
=005  20210202105758.0
=006  m\\\\||\\d\|\\\\\\
=007  cr\|||||||||||
=008  190118s2018\\\\xxk|||||o\\\\||||\||eng\\
=FMT  \\$a  BK
=020  \\$a9781786591173
=040  \\$aUk$beng$cUk
=245  00$aAutomatic Enrolment evaluation report 2018.
=264  \1$bDepartment for Work and Pensions,$c2018.
=300  \\$a1 online resource.
=336  \\$atext$2rdacontent
=337  \\$acomputer$2rdamedia
=338  \\$aonline resource$2rdacarrier
=490  0\$aDWP ad hoc research report ;$vno. 68
=690  7\$aSocial Welfare$2blcoll
=690  7\$aOpen Government Licence Collection$2blcoll
=650  \7$aPensions$2fast$0(OCoLC)fst01057086
=710  1\$aGreat Britain.$bDepartment for Work and Pensions.
=856  40$uhttps://www.webarchive.org.uk/access/resolve/20181225195613/https://assets.publishing.service.gov.uk/government/uploads/system/uploads/attachment_data/file/764964/Automatic_Enrolment_Evaluation_Report_2018.pdf$yCollection item
=859  \\$aELD$bebook
=852  \\$aBritish Library$bHMNTS$cDRT$jELD.DS.381431
=985  \\$aDocument Harvester record do not match & merge
=CAT  \\$aBATCH-EBKN$b00$c20190118$lBLL01$h0201
=CAT  \\$aEBKS-FXD$c20190118$lBLL01$h0207
=CAT  \\$aBATCH$b00$c20190118$lBLL01$h0208
=CAT  \\$a15190$b40$c20210202$lBLL01$h1057
=DRT  \\$aLD-ebooks
=SRC  \\$aDocument Harvester
=STA  \\$aSUPPRESSED$bRebatched as Serial
=LAS  \\$a15190$b40$c20210202$lBLL01$h1057

