=LDR  01782cam a22004455i 4500
=001  019215151
=003  Uk
=005  20230119183236.0
=006  m\\\\||\\d\|\\\\\\
=007  cr\|||||||||||
=008  190118s2018\\\\xxk|||||o\\\\||||\||eng\\
=FMT  \\$a  BK
=040  \\$aUk$beng$cUk
=245  00$aGender Pay Gap :$bReport for the year 2018.
=264  \1$bDepartment for Work and Pensions,$c2018.
=300  \\$a1 online resource.
=336  \\$atext$2rdacontent
=337  \\$acomputer$2rdamedia
=338  \\$aonline resource$2rdacarrier
=690  7\$aOpen Government Licence Collection$2blcoll
=610  17$aGreat Britain.$bDepartment for Work and Pensions.$2fast$0(OCoLC)fst01821448
=650  \7$aCivil service.$2fast$0(OCoLC)fst00862730
=650  \7$aWages.$2fast$0(OCoLC)fst01169492
=650  \7$aPay equity.$2fast$0(OCoLC)fst01055681
=650  \7$aWomen$xWages.$2fast$0(OCoLC)fst01169866
=710  1\$aGreat Britain.$bDepartment for Work and Pensions.
=856  40$uhttps://www.webarchive.org.uk/access/resolve/20181225195008/https://assets.publishing.service.gov.uk/government/uploads/system/uploads/attachment_data/file/765750/dwp-gender-pay-gap-report-2018.pdf$yCollection item
=859  \\$aELD$bebook
=852  \\$aBritish Library$bHMNTS$cDRT$jELD.DS.381433
=985  \\$aDocument Harvester record do not match & merge
=CAT  \\$aBATCH-EBKN$b00$c20190118$lBLL01$h0201
=CAT  \\$aEBKS-FXD$c20190118$lBLL01$h0207
=CAT  \\$aBATCH$b00$c20190118$lBLL01$h0208
=CAT  \\$a15005$b40$c20191024$lBLL01$h1332
=CAT  \\$a8964$b40$c20210622$lBLL01$h1404
=CAT  \\$a3391$b40$c20230119$lBLL01$h1832
=DRT  \\$aLD-ebooks
=SRC  \\$aDocument Harvester
=STA  \\$aSUPPRESSED$bRebatched as Serial
=LAS  \\$a3391$b40$c20230119$lBLL01$h1832

