=LDR  01872 am a22004695i 4500
=001  019215159
=003  Uk
=005  20200714101724.0
=006  m\\\\||\\d\|\\\\\\
=007  cr\|||||||||||
=008  190118s2018\\\\xxk|||||o\\\\||||\||eng\\
=FMT  \\$a  BK
=020  \\$a9781786591036
=040  \\$aUk$beng$cUk
=245  00$aEngland European Social Fund Programme 2014 - 2020 :$bSupporting Local Growth 2018.
=264  \1$bDepartment for Work and Pensions,$c2018.
=300  \\$a1 online resource.
=336  \\$atext$2rdacontent
=337  \\$acomputer$2rdamedia
=338  \\$aonline resource$2rdacarrier
=690  7\$aSocial Welfare$2blcoll
=690  7\$aOpen Government Licence Collection$2blcoll
=650  \7$aPeople with disabilities$2fast$0(OCoLC)fst01057245
=650  \7$aSocial integration$2fast$0(OCoLC)fst01122550
=650  \7$aUnemployed$2fast$0(OCoLC)fst01161152
=650  \7$aAdult education$2fast$0(OCoLC)fst00797275
=650  \7$aLabor market$2fast$0(OCoLC)fst00990036
=650  \7$aLabor$2fast$0(OCoLC)fst00989798
=710  2\$aEuropean Union.
=710  1\$aGreat Britain.$bDepartment for Work and Pensions.
=856  40$uhttps://www.webarchive.org.uk/access/resolve/20181120103937/https://assets.publishing.service.gov.uk/government/uploads/system/uploads/attachment_data/file/756493/ESF_2014_to_2020_case_study_booklet_2018.pdf$yCollection item
=859  \\$aELD$bebook
=852  \\$aBritish Library$bHMNTS$cDRT$jELD.DS.381441
=985  \\$aDocument Harvester record do not match & merge
=CAT  \\$aBATCH-EBKN$b00$c20190118$lBLL01$h0201
=CAT  \\$aEBKS-FXD$c20190118$lBLL01$h0207
=CAT  \\$aBATCH$b00$c20190118$lBLL01$h0208
=CAT  \\$a15190$b40$c20200714$lBLL01$h1017
=DRT  \\$aLD-ebooks
=SRC  \\$aDocument Harvester
=STA  \\$aSUPPRESSED$bRebatched as Serial
=LAS  \\$a15190$b40$c20200714$lBLL01$h1017

