=LDR  01552 am a22003735i 4500
=001  019225295
=003  Uk
=005  20210803150529.0
=006  m\\\\||\\d\|\\\\\\
=007  cr\|||||||||||
=008  190127s2019\\\\xxk|||||o\\\\||||\||eng\\
=FMT  \\$a  BK
=040  \\$aUk$beng$cUk
=245  00$aSteel Public Procurement :$bCompliance with the steel procurement guidance (PPN 11/16)
=264  \1$bDepartment for Business, Energy & Industrial Strategy,$c2019.
=300  \\$a1 online resource.
=336  \\$atext$2rdacontent
=337  \\$acomputer$2rdamedia
=338  \\$aonline resource$2rdacarrier
=690  7\$aOpen Government Licence Collection$2blcoll
=650  \7$aGovernment purchasing$2fast$0(OCoLC)fst00945538
=710  1\$aGreat Britain.$bDepartment for Business, Energy & Industrial Strategy.
=856  40$uhttps://www.webarchive.org.uk/access/resolve/20190122060127/https://assets.publishing.service.gov.uk/government/uploads/system/uploads/attachment_data/file/771766/Steel-public-procurement-compliance-guidance-ppn-11-16.pdf$yCollection item
=859  \\$aELD$bebook
=852  \\$aBritish Library$bHMNTS$cDRT$jELD.DS.383605
=985  \\$aDocument Harvester record do not match & merge
=CAT  \\$aBATCH-EBKN$b00$c20190127$lBLL01$h0201
=CAT  \\$aEBKS-FXD$c20190127$lBLL01$h0207
=CAT  \\$aBATCH$b00$c20190127$lBLL01$h0207
=CAT  \\$a15190$b40$c20210803$lBLL01$h1505
=DRT  \\$aLD-ebooks
=SRC  \\$aDocument Harvester
=STA  \\$aSUPPRESSED$bRebatched as Serial
=LAS  \\$a15190$b40$c20210803$lBLL01$h1505

