=LDR  01775 am a22004455i 4500
=001  019247498
=003  Uk
=005  20190314111210.0
=006  m\\\\||\\d\|\\\\\\
=007  cr\|||||||||||
=008  190207s2008\\\\xxk|||||o\\\\||||\||eng\\
=FMT  \\$a  BK
=020  \\$a1861929358
=040  \\$aUk$beng$cUk
=245  00$aDesk Review of DFID's Private Sector Infrastructure Investment Facilities :$bStrategic Environmental Impact Assessment.
=264  \1$bDepartment for International Development,$c2008.
=300  \\$a1 online resource.
=336  \\$atext$2rdacontent
=337  \\$acomputer$2rdamedia
=338  \\$aonline resource$2rdacarrier
=490  0\$aEvaluation Report ;$vEV685
=650  \7$aEconomic assistance$2fast$0(OCoLC)fst00901592
=690  7\$aOpen Government Licence Collection$2blcoll
=700  1\$aHorberry, John.
=700  1\$aWhittle, James.
=710  1\$aGreat Britain.$bDepartment for International Development.
=856  40$uhttps://www.webarchive.org.uk/access/resolve/20190203012346/https://assets.publishing.service.gov.uk/government/uploads/system/uploads/attachment_data/file/67761/ev685.pdf$yCollection item
=859  \\$aELD$bebook
=852  \\$aBritish Library$bHMNTS$cDRT$jELD.DS.385788
=985  \\$aDocument Harvester record do not match & merge
=CAT  \\$aBATCH-EBKN$b00$c20190207$lBLL01$h0200
=CAT  \\$aBATCH-UPD$b00$c20190207$lBLL01$h0201
=CAT  \\$aEBKS-FXD$c20190207$lBLL01$h0204
=CAT  \\$aBATCH$b00$c20190207$lBLL01$h0205
=CAT  \\$a8250$b40$c20190314$lBLL01$h1112
=CAT  \\$a1809-0439$c20190814$lBLL01$h1024
=DRT  \\$aLD-ebooks
=SRC  \\$aDocument Harvester
=STA  \\$aSUPPRESSED$bPredates NPLD so should not have been selected
=LAS  \\$a1809-0439$b00$c20190814$lBLL01$h1024

