=LDR  01750 am a22004335i 4500
=001  019247499
=003  Uk
=005  20190314111035.0
=006  m\\\\||\\d\|\\\\\\
=007  cr\|||||||||||
=008  190207s2008\\\\xxk|||||o\\\\||||\||eng\\
=FMT  \\$a  BK
=020  \\$a186192934X
=040  \\$aUk$beng$cUk
=245  00$aDesk Review of DFID's Private Sector Infrastructure Investment Facilities.
=264  \1$bDepartment for International Development,$c2008.
=300  \\$a1 online resource.
=336  \\$atext$2rdacontent
=337  \\$acomputer$2rdamedia
=338  \\$aonline resource$2rdacarrier
=490  0\$aEvaluation Report ;$vEV684
=650  \7$aEconomic development$2fast$0(OCoLC)fst00901785
=650  \7$aEconomic assistance$2fast$0(OCoLC)fst00901592
=690  7\$aOpen Government Licence Collection$2blcoll
=710  2\$aWSP International. Management Consulting Evaluation Team.
=710  1\$aGreat Britain.$bDepartment for International Development.
=856  40$uhttps://www.webarchive.org.uk/access/resolve/20190203012342/https://assets.publishing.service.gov.uk/government/uploads/system/uploads/attachment_data/file/67762/ev684.pdf$yCollection item
=859  \\$aELD$bebook
=852  \\$aBritish Library$bHMNTS$cDRT$jELD.DS.385789
=985  \\$aDocument Harvester record do not match & merge
=CAT  \\$aBATCH-EBKN$b00$c20190207$lBLL01$h0200
=CAT  \\$aEBKS-FXD$c20190207$lBLL01$h0204
=CAT  \\$aBATCH$b00$c20190207$lBLL01$h0205
=CAT  \\$a8250$b40$c20190314$lBLL01$h1110
=CAT  \\$a1809-0439$c20190814$lBLL01$h1024
=DRT  \\$aLD-ebooks
=SRC  \\$aDocument Harvester
=STA  \\$aSUPPRESSED$bPredates NPLD so should not have been selected
=LAS  \\$a1809-0439$b00$c20190814$lBLL01$h1024

