=LDR  01804 am a22004575i 4500
=001  019247500
=003  Uk
=005  20190314111243.0
=006  m\\\\||\\d\|\\\\\\
=007  cr\|||||||||||
=008  190207s2009\\\\xxk|||||o\\\\||||\||eng\\
=FMT  \\$a  BK
=020  \\$a1861929722
=040  \\$aUk$beng$cUk
=245  00$aReview of Public Financial Management Reform Literature.
=264  \1$bDepartment for International Development,$c2009.
=300  \\$a1 online resource.
=336  \\$atext$2rdacontent
=337  \\$acomputer$2rdamedia
=338  \\$aonline resource$2rdacarrier
=490  0\$aEvaluation Report ;$vEV698
=650  \7$aEconomic development$2fast$0(OCoLC)fst00901785
=650  \7$aEconomic assistance$2fast$0(OCoLC)fst00901592
=690  7\$aOpen Government Licence Collection$2blcoll
=700  1\$aPretorius, Carole.
=700  1\$aPretorius, Nico.
=710  1\$aGreat Britain.$bDepartment for International Development.
=856  40$uhttps://www.webarchive.org.uk/access/resolve/20190203012337/https://assets.publishing.service.gov.uk/government/uploads/system/uploads/attachment_data/file/67738/review-pub-finan-mgmt-reform-lit.pdf$yCollection item
=859  \\$aELD$bebook
=852  \\$aBritish Library$bHMNTS$cDRT$jELD.DS.385790
=985  \\$aDocument Harvester record do not match & merge
=CAT  \\$aBATCH-EBKN$b00$c20190207$lBLL01$h0200
=CAT  \\$aBATCH-UPD$b00$c20190207$lBLL01$h0201
=CAT  \\$aEBKS-FXD$c20190207$lBLL01$h0204
=CAT  \\$aBATCH$b00$c20190207$lBLL01$h0205
=CAT  \\$a8250$b40$c20190314$lBLL01$h1112
=CAT  \\$a1809-0439$c20190814$lBLL01$h1024
=DRT  \\$aLD-ebooks
=SRC  \\$aDocument Harvester
=STA  \\$aSUPPRESSED$bPredates NPLD so should not have been selected
=LAS  \\$a1809-0439$b00$c20190814$lBLL01$h1024

