=LDR  01728 am a22004455i 4500
=001  019248947
=003  Uk
=005  20190314110902.0
=006  m\\\\||\\d\|\\\\\\
=007  cr\|||||||||||
=008  190209s2006\\\\xxk|||||o\\\\||||\||eng\\
=FMT  \\$a  BK
=020  \\$a1861926790
=040  \\$aUk$beng$cUk
=245  00$aInternal Review of DFID's Engagement with the Conflict in Northern Uganda.
=264  \1$bDepartment for International Development,$c2006.
=300  \\$a1 online resource.
=336  \\$atext$2rdacontent
=337  \\$acomputer$2rdamedia
=338  \\$aonline resource$2rdacarrier
=490  0\$aEvaluation Report ;$vEV663
=650  \7$aPeace$2fast$0(OCoLC)fst01055758
=650  \7$aArmed Forces$2fast$0(OCoLC)fst00814586
=650  \7$aEconomic assistance$2fast$0(OCoLC)fst00901592
=690  7\$aOpen Government Licence Collection$2blcoll
=700  1\$aGinifer, Jeremy.
=856  40$uhttps://www.webarchive.org.uk/access/resolve/20190202183150/https://assets.publishing.service.gov.uk/government/uploads/system/uploads/attachment_data/file/67843/ev663.pdf$yCollection item
=859  \\$aELD$bebook
=852  \\$aBritish Library$bHMNTS$cDRT$jELD.DS.386082
=985  \\$aDocument Harvester record do not match & merge
=CAT  \\$aBATCH-EBKN$b00$c20190209$lBLL01$h0206
=CAT  \\$aBATCH-UPD$b00$c20190209$lBLL01$h0206
=CAT  \\$aEBKS-FXD$c20190209$lBLL01$h0211
=CAT  \\$aBATCH$b00$c20190209$lBLL01$h0211
=CAT  \\$a8250$b40$c20190314$lBLL01$h1109
=CAT  \\$a1809-0439$c20190814$lBLL01$h1024
=DRT  \\$aLD-ebooks
=SRC  \\$aDocument Harvester
=STA  \\$aSUPPRESSED$bPredates NPLD so should not have been selected
=LAS  \\$a1809-0439$b00$c20190814$lBLL01$h1024

