=LDR  01564 am a22004095i 4500
=001  019248949
=003  Uk
=005  20210304113612.0
=006  m\\\\||\\d\|\\\\\\
=007  cr\|||||||||||
=008  190209s2012\\\\xxk|||||o\\\\||||\||eng\\
=FMT  \\$a  BK
=040  \\$aUk$beng$cUk
=245  00$aOperational Plan 2011-2015 :$bDFID Uganda.
=264  \1$bDepartment for International Development,$c2012.
=300  \\$a1 online resource.
=336  \\$atext$2rdacontent
=337  \\$acomputer$2rdamedia
=338  \\$2rdacarrier
=650  \7$aEconomic assistance$2fast$0(OCoLC)fst00901592
=690  7\$aOpen Government Licence Collection$2blcoll
=710  1\$aGreat Britain.$bDepartment for International Development.
=856  40$uhttps://www.webarchive.org.uk/access/resolve/20190202183139/https://assets.publishing.service.gov.uk/government/uploads/system/uploads/attachment_data/file/67416/uganda-2011.pdf$yCollection item
=859  \\$aELD$bebook
=852  \\$aBritish Library$bHMNTS$cDRT$jELD.DS.386084
=985  \\$aDocument Harvester record do not match & merge
=CAT  \\$aBATCH-EBKN$b00$c20190209$lBLL01$h0206
=CAT  \\$aEBKS-FXD$c20190209$lBLL01$h0211
=CAT  \\$aBATCH$b00$c20190209$lBLL01$h0211
=CAT  \\$a8250$b40$c20190314$lBLL01$h1130
=CAT  \\$a8244$b40$c20190503$lBLL01$h1430
=CAT  \\$a1809-0439$c20190814$lBLL01$h1024
=CAT  \\$a14412$b40$c20210304$lBLL01$h1136
=DRT  \\$aLD-ebooks
=SRC  \\$aDocument Harvester
=STA  \\$aSUPPRESSED$bRebatched as Serial
=LAS  \\$a14412$b40$c20210304$lBLL01$h1136

