=LDR  01782 am a22004455i 4500
=001  019248963
=003  Uk
=005  20190314111452.0
=006  m\\\\||\\d\|\\\\\\
=007  cr\|||||||||||
=008  190209s2010\\\\xxk|||||o\\\\||||\||eng\\
=FMT  \\$a  BK
=040  \\$aUk$beng$cUk
=245  00$aEvaluation of the Medicines Transparency Alliance Phase 1 2008-2010 :$bMain Report.
=264  \1$bDepartment for International Development,$c2010.
=300  \\$a1 online resource.
=336  \\$atext$2rdacontent
=337  \\$acomputer$2rdamedia
=338  \\$aonline resource$2rdacarrier
=650  \7$aMedicine$2fast$0(OCoLC)fst01014893
=650  \7$aEconomic assistance$2fast$0(OCoLC)fst00901592
=690  7\$aOpen Government Licence Collection$2blcoll
=700  1\$aOllier, Elizabeth
=700  1\$aGittins, Nadia
=700  1\$aCollins, Terri.
=710  1\$aGreat Britain.$bDepartment for International Development.
=856  40$uhttps://www.webarchive.org.uk/access/resolve/20190202180437/https://assets.publishing.service.gov.uk/government/uploads/system/uploads/attachment_data/file/67685/eval-med-trnsp-all-phse-one-main-rpt.pdf$yCollection item
=859  \\$aELD$bebook
=852  \\$aBritish Library$bHMNTS$cDRT$jELD.DS.386098
=985  \\$aDocument Harvester record do not match & merge
=CAT  \\$aBATCH-EBKN$b00$c20190209$lBLL01$h0206
=CAT  \\$aBATCH-UPD$b00$c20190209$lBLL01$h0207
=CAT  \\$aEBKS-FXD$c20190209$lBLL01$h0211
=CAT  \\$aBATCH$b00$c20190209$lBLL01$h0211
=CAT  \\$a8250$b40$c20190314$lBLL01$h1114
=CAT  \\$a1809-0439$c20190814$lBLL01$h1024
=DRT  \\$aLD-ebooks
=SRC  \\$aDocument Harvester
=STA  \\$aSUPPRESSED$bPredates NPLD so should not have been selected
=LAS  \\$a1809-0439$b00$c20190814$lBLL01$h1024

