=LDR  01709 am a22004455i 4500
=001  019248999
=003  Uk
=005  20190314111136.0
=006  m\\\\||\\d\|\\\\\\
=007  cr\|||||||||||
=008  190209s2008\\\\xxk|||||o\\\\||||\||eng\\
=FMT  \\$a  BK
=040  \\$aUk$beng$cUk
=245  00$aEvaluation of DFID Country Programmes :$bSierra Leone.
=264  \1$bDepartment for International Development,$c2008.
=300  \\$a1 online resource.
=336  \\$atext$2rdacontent
=337  \\$acomputer$2rdamedia
=338  \\$aonline resource$2rdacarrier
=490  0\$aEvaluation Report ;$vEV690
=650  \7$aEconomic assistance$2fast$0(OCoLC)fst00901592
=690  7\$aOpen Government Licence Collection$2blcoll
=700  1\$aPoate, Derek.
=700  1\$aBalogun, Paul.
=700  1\$aRothmann, Ines
=710  1\$aGreat Britain.$bDepartment for International Development.
=856  40$uhttps://www.webarchive.org.uk/access/resolve/20190202175801/https://assets.publishing.service.gov.uk/government/uploads/system/uploads/attachment_data/file/67747/ev690.pdf$yCollection item
=859  \\$aELD$bebook
=852  \\$aBritish Library$bHMNTS$cDRT$jELD.DS.386134
=985  \\$aDocument Harvester record do not match & merge
=CAT  \\$aBATCH-EBKN$b00$c20190209$lBLL01$h0206
=CAT  \\$aBATCH-UPD$b00$c20190209$lBLL01$h0207
=CAT  \\$aEBKS-FXD$c20190209$lBLL01$h0211
=CAT  \\$aBATCH$b00$c20190209$lBLL01$h0211
=CAT  \\$a8250$b40$c20190314$lBLL01$h1111
=CAT  \\$a1809-0439$c20190814$lBLL01$h1024
=DRT  \\$aLD-ebooks
=SRC  \\$aDocument Harvester
=STA  \\$aSUPPRESSED$bPredates NPLD so should not have been selected
=LAS  \\$a1809-0439$b00$c20190814$lBLL01$h1024

