=LDR  01805 am a22004455i 4500
=001  019249010
=003  Uk
=005  20190314112813.0
=006  m\\\\||\\d\|\\\\\\
=007  cr\|||||||||||
=008  190209s2012\\\\xxk|||||o\\\\||||\||eng\\
=FMT  \\$a  BK
=040  \\$aUk$beng$cUk
=245  00$aEconomics of Early Response and Disaster Resilience :$bLessons from Kenya and Ethiopia.
=264  \1$bDepartment for International Development,$c2012.
=300  \\$a1 online resource.
=336  \\$atext$2rdacontent
=337  \\$acomputer$2rdamedia
=338  \\$aonline resource$2rdacarrier
=650  \7$aNatural disasters$2fast$0(OCoLC)fst01033994
=650  \7$aEconomic assistance$2fast$0(OCoLC)fst00901592
=690  7\$aOpen Government Licence Collection$2blcoll
=700  1\$aVenton, Courtenay Cabot.
=700  1\$aFitzgibbon, Catherine.
=700  1\$aShitarek, Tenna
=710  1\$aGreat Britain.$bDepartment for International Development.
=856  40$uhttps://www.webarchive.org.uk/access/resolve/20190202143435/https://assets.publishing.service.gov.uk/government/uploads/system/uploads/attachment_data/file/67330/Econ-Ear-Rec-Res-Full-Report_20.pdf$yCollection item
=859  \\$aELD$bebook
=852  \\$aBritish Library$bHMNTS$cDRT$jELD.DS.386145
=985  \\$aDocument Harvester record do not match & merge
=CAT  \\$aBATCH-EBKN$b00$c20190209$lBLL01$h0206
=CAT  \\$aBATCH-UPD$b00$c20190209$lBLL01$h0207
=CAT  \\$aEBKS-FXD$c20190209$lBLL01$h0211
=CAT  \\$aBATCH$b00$c20190209$lBLL01$h0211
=CAT  \\$a8250$b40$c20190314$lBLL01$h1128
=CAT  \\$a1809-0439$c20190814$lBLL01$h1024
=DRT  \\$aLD-ebooks
=SRC  \\$aDocument Harvester
=STA  \\$aSUPPRESSED$bPredates NPLD so should not have been selected
=LAS  \\$a1809-0439$b00$c20190814$lBLL01$h1024

