=LDR  01582 am a22003975i 4500
=001  019254105
=003  Uk
=005  20190314111542.0
=006  m\\\\||\\d\|\\\\\\
=007  cr\|||||||||||
=008  190214s2010\\\\xxk|||||o\\\\||||\||eng\\
=FMT  \\$a  BK
=040  \\$aUk$beng$cUk
=245  00$aHealth portfolio review :$bReport 2009.
=264  \1$bDepartment for International Development,$c2010.
=300  \\$a1 online resource.
=336  \\$atext$2rdacontent
=337  \\$acomputer$2rdamedia
=338  \\$aonline resource$2rdacarrier
=650  \7$aHealth$2fast$0(OCoLC)fst00952743
=650  \7$aEconomic assistance$2fast$0(OCoLC)fst00901592
=690  7\$aOpen Government Licence Collection$2blcoll
=710  1\$aGreat Britain.$bDepartment for International Development.
=856  40$uhttps://www.webarchive.org.uk/access/resolve/20190131043556/https://assets.publishing.service.gov.uk/government/uploads/system/uploads/attachment_data/file/67660/health-portfolio-review-rpt-2009.pdf$yCollection item
=859  \\$aELD$bebook
=852  \\$aBritish Library$bHMNTS$cDRT$jELD.DS.387320
=985  \\$aDocument Harvester record do not match & merge
=CAT  \\$aBATCH-EBKN$b00$c20190214$lBLL01$h0210
=CAT  \\$aEBKS-FXD$c20190214$lBLL01$h0220
=CAT  \\$aBATCH$b00$c20190214$lBLL01$h0222
=CAT  \\$a8250$b40$c20190314$lBLL01$h1115
=CAT  \\$a1809-0439$c20190814$lBLL01$h1024
=DRT  \\$aLD-ebooks
=SRC  \\$aDocument Harvester
=STA  \\$aSUPPRESSED$bPredates NPLD so should not have been selected
=LAS  \\$a1809-0439$b00$c20190814$lBLL01$h1024

