=LDR  01443 am a22003735i 4500
=001  019254853
=003  Uk
=005  20190314113153.0
=006  m\\\\||\\d\|\\\\\\
=007  cr\|||||||||||
=008  190215s2011\\\\xxk|||||o\\\\||||\||eng\\
=FMT  \\$a  BK
=040  \\$aUk$beng$cUk
=245  00$aConsular Strategy 2010-13.
=264  \1$bForeign & Commonwealth Office,$c2011.
=300  \\$a1 online resource.
=336  \\$atext$2rdacontent
=337  \\$acomputer$2rdamedia
=338  \\$aonline resource$2rdacarrier
=690  7\$aOpen Government Licence Collection$2blcoll
=650  \7$aInternational relations$2fast$0(OCoLC)fst00977053
=710  1\$aGreat Britain.$bForeign and Commonwealth Office.
=856  40$uhttps://www.webarchive.org.uk/access/resolve/20190203014752/https://assets.publishing.service.gov.uk/government/uploads/system/uploads/attachment_data/file/32966/consular-strategy-2010-13.pdf$yCollection item
=859  \\$aELD$bebook
=852  \\$aBritish Library$bHMNTS$cDRT$jELD.DS.387899
=985  \\$aDocument Harvester record do not match & merge
=CAT  \\$aBATCH-EBKN$b00$c20190215$lBLL01$h0201
=CAT  \\$aEBKS-FXD$c20190215$lBLL01$h0213
=CAT  \\$aBATCH$b00$c20190215$lBLL01$h0214
=CAT  \\$a8250$b40$c20190314$lBLL01$h1131
=DRT  \\$aLD-ebooks
=SRC  \\$aDocument Harvester
=STA  \\$aSUPPRESSED$bPredates NPLD so should not have been selected
=LAS  \\$a8250$b40$c20190314$lBLL01$h1131

