=LDR  01714 am a22004335i 4500
=001  019255813
=003  Uk
=005  20190306151749.0
=006  m\\\\||\\d\|\\\\\\
=007  cr\|||||||||||
=008  190216s2019\\\\xxk|||||o\\\\||||\||eng\\
=FMT  \\$a  BK
=040  \\$aUk$beng$cUk
=245  00$aMerger inquiry outcome statistics.
=264  \1$bCompetition and Markets Authority,$c2019.
=300  \\$a1 online resource.
=336  \\$atext$2rdacontent
=337  \\$acomputer$2rdamedia
=338  \\$aonline resource$2rdacarrier
=690  7\$aManagement and Business Studies$2blcoll
=690  7\$aOpen Government Licence Collection$2blcoll
=650  \7$aBusiness.$2fast$0(OCoLC)fst00842262
=650  \7$aConsolidation and merger of corporations.$2fast$0(OCoLC)fst00875660
=655  \7$aStatistics$2fast$0(OCoLC)fst01423727
=710  1\$aGreat Britain.$bCompetition and Markets Authority.
=856  40$uhttps://www.webarchive.org.uk/access/resolve/20190212152013/https://assets.publishing.service.gov.uk/government/uploads/system/uploads/attachment_data/file/776702/Merger_inquiry_outcomes_to_January_2019.pdf$yCollection item
=859  \\$aELD$bebook
=852  \\$aBritish Library$bHMNTS$cDRT$jELD.DS.388407
=985  \\$aDocument Harvester record do not match & merge
=CAT  \\$aBATCH-EBKN$b00$c20190216$lBLL01$h0207
=CAT  \\$aEBKS-FXD$c20190216$lBLL01$h0212
=CAT  \\$aBATCH$b00$c20190216$lBLL01$h0212
=CAT  \\$a3391$b40$c20190226$lBLL01$h2134
=CAT  \\$a3391$b40$c20190226$lBLL01$h2135
=CAT  \\$a8250$b40$c20190306$lBLL01$h1517
=DRT  \\$aLD-ebooks
=SRC  \\$aDocument Harvester
=STA  \\$aSUPPRESSED$bOut of scope.
=LAS  \\$a8250$b40$c20190306$lBLL01$h1517

