=LDR  01627 am a22003975i 4500
=001  019376349
=003  Uk
=005  20190516120437.0
=006  m\\\\||\\d\|\\\\\\
=007  cr\|||||||||||
=008  190421s2019\\\\xxk|||||o\\\\||||\||eng\\
=FMT  \\$a  BK
=040  \\$aUk$beng$cUk
=245  00$aUpdated Short-Term Traded Carbon Values :$bUsed for modelling purposes.
=250  \\$aApril 2019 [version].
=264  \1$bDepartment for Business, Energy & Industrial Strategy,$c2019.
=300  \\$a1 online resource.
=336  \\$atext$2rdacontent
=337  \\$acomputer$2rdamedia
=338  \\$aonline resource$2rdacarrier
=690  7\$aScience, Technology and Medicine$2blcoll
=690  7\$aOpen Government Licence Collection$2blcoll
=650  \7$aEnergy policy$2fast$0(OCoLC)fst00910200
=710  1\$aGreat Britain.$bDepartment for Business, Energy & Industrial Strategy.
=856  40$uhttps://www.webarchive.org.uk/access/resolve/20190416123401/https://assets.publishing.service.gov.uk/government/uploads/system/uploads/attachment_data/file/794188/2018-short-term-traded-carbon-values-for-modelling-purposes.pdf$yCollection item
=859  \\$aELD$bebook
=852  \\$aBritish Library$bHMNTS$cDRT$jELD.DS.413678
=985  \\$aDocument Harvester record do not match & merge
=CAT  \\$aBATCH-EBKN$b00$c20190421$lBLL01$h0201
=CAT  \\$aEBKS-FXD$c20190421$lBLL01$h0207
=CAT  \\$aBATCH$b00$c20190421$lBLL01$h0208
=CAT  \\$a6790$b40$c20190516$lBLL01$h1204
=DRT  \\$aLD-ebooks
=SRC  \\$aDocument Harvester
=STA  \\$aSUPPRESSED$bRebatched as Serial
=LAS  \\$a6790$b40$c20190516$lBLL01$h1204

