=LDR  01949 am a22004575i 4500
=001  019388663
=003  Uk
=005  20190520102827.0
=006  m\\\\||\\d\|\\\\\\
=007  cr\|||||||||||
=008  190502s2019\\\\xxk|||||o\\\\||||\||eng\\
=FMT  \\$a  BK
=040  \\$aUk$beng$cUk
=245  00$a1990-2017 UK Greenhouse Gas Emissions, Final Figures by End User.
=264  \1$b[Department for Business, Energy & Industrial Strategy],$c2019.
=300  \\$a1 online resource.
=336  \\$atext$2rdacontent
=337  \\$acomputer$2rdamedia
=338  \\$aonline resource$2rdacarrier
=690  7\$aScience, Technology and Medicine$2blcoll
=690  7\$aOpen Government Licence Collection$2blcoll
=650  \7$aBusiness enterprises.$2fast$0(OCoLC)fst00842519
=650  \7$aEnvironmental policy.$2fast$0(OCoLC)fst00913250
=650  \7$aGreenhouse gases.$2fast$0(OCoLC)fst00947707
=655  \7$aStatistics.$2fast$0(OCoLC)fst01423727
=710  1\$aGreat Britain.$bDepartment for Business, Energy & Industrial Strategy.
=856  40$uhttps://www.webarchive.org.uk/access/resolve/20190424112408/https://assets.publishing.service.gov.uk/government/uploads/system/uploads/attachment_data/file/789830/1990-2017-uk-emissions-final-figures-by-end-user-sector-fuel-type.pdf$yCollection item
=859  \\$aELD$bebook
=852  \\$aBritish Library$bHMNTS$cDRT$jELD.DS.416923
=985  \\$aDocument Harvester record do not match & merge
=CAT  \\$aBATCH-EBKN$b00$c20190502$lBLL01$h0204
=CAT  \\$aBATCH-UPD$b00$c20190502$lBLL01$h0205
=CAT  \\$aEBKS-FXD$c20190502$lBLL01$h0216
=CAT  \\$aBATCH$b00$c20190502$lBLL01$h0217
=CAT  \\$a3391$b40$c20190517$lBLL01$h1759
=CAT  \\$a3391$b40$c20190517$lBLL01$h2058
=CAT  \\$a6550$b40$c20190520$lBLL01$h1028
=DRT  \\$aLD-ebooks
=SRC  \\$aDocument Harvester
=STA  \\$aSUPPRESSED$bSuppressed at the request of Patrick Casey
=LAS  \\$a6550$b40$c20190520$lBLL01$h1028

