=LDR  01719 am a22004215i 4500
=001  019389663
=003  Uk
=005  20190520102820.0
=006  m\\\\||\\d\|\\\\\\
=007  cr\|||||||||||
=008  190503s2019\\\\xxk|||||o\\\\||||\||eng\\
=FMT  \\$a  BK
=040  \\$aUk$beng$cUk
=245  00$aHousehold Energy Efficiency Statistics :$bBackground quality report.
=250  \\$a[Updated] 18 April 2019.
=264  \1$bDepartment for Business, Energy & Industrial Strategy,$c2019.
=300  \\$a1 online resource.
=336  \\$atext$2rdacontent
=337  \\$acomputer$2rdamedia
=338  \\$aonline resource$2rdacarrier
=690  7\$aSocial Welfare$2blcoll
=690  7\$aScience, Technology and Medicine$2blcoll
=690  7\$aOpen Government Licence Collection$2blcoll
=650  \7$aEnergy policy$2fast$0(OCoLC)fst00910200
=650  \7$aStatistics$2fast$0(OCoLC)fst01423727
=710  1\$aGreat Britain.$bDepartment for Business, Energy & Industrial Strategy.
=856  40$uhttps://www.webarchive.org.uk/access/resolve/20190423164151/https://assets.publishing.service.gov.uk/government/uploads/system/uploads/attachment_data/file/795926/Background_quality_report_April_2019.pdf$yCollection item
=859  \\$aELD$bebook
=852  \\$aBritish Library$bHMNTS$cDRT$jELD.DS.417636
=985  \\$aDocument Harvester record do not match & merge
=CAT  \\$aBATCH-EBKN$b00$c20190503$lBLL01$h0203
=CAT  \\$aEBKS-FXD$c20190503$lBLL01$h0211
=CAT  \\$aBATCH$b00$c20190503$lBLL01$h0212
=CAT  \\$a6550$b40$c20190520$lBLL01$h1028
=DRT  \\$aLD-ebooks
=SRC  \\$aDocument Harvester
=STA  \\$aSUPPRESSED$bSuppressed at the request of Patrick Casey
=LAS  \\$a6550$b40$c20190520$lBLL01$h1028

