=LDR  01618 am a22004215i 4500
=001  019434083
=003  Uk
=005  20200311094028.0
=006  m\\\\||\\d\|\\\\\\
=007  cr\|||||||||||
=008  190609s2019\\\\xxk|||||o\\\\||||\||eng\\
=FMT  \\$a  BK
=020  \\$a9781786558312
=040  \\$aUk$beng$cUk
=245  00$aEU Settlement Scheme Statistics, April 2019 :$bExperimental Statistics.
=264  \1$bHome Office,$c2019.
=300  \\$a1 online resource.
=336  \\$atext$2rdacontent
=337  \\$acomputer$2rdamedia
=338  \\$aonline resource$2rdacarrier
=690  7\$aSocial Welfare$2blcoll
=690  7\$aOpen Government Licence Collection$2blcoll
=650  \7$aEmigration and immigration.$2fast$0(OCoLC)fst00908690
=655  \7$aStatistics.$2fast$0(OCoLC)fst01423727
=710  1\$aGreat Britain.$bHome Office.
=856  40$uhttps://www.webarchive.org.uk/access/resolve/20190604082428/https://assets.publishing.service.gov.uk/government/uploads/system/uploads/attachment_data/file/805783/eu-settlement-scheme-statistics-april-2019.pdf$yCollection item
=859  \\$aELD$bebook
=852  \\$aBritish Library$bHMNTS$cDRT$jELD.DS.431700
=985  \\$aDocument Harvester record do not match & merge
=CAT  \\$aBATCH-EBKN$b00$c20190609$lBLL01$h0201
=CAT  \\$aEBKS-FXD$c20190609$lBLL01$h0206
=CAT  \\$aBATCH$b00$c20190609$lBLL01$h0207
=CAT  \\$a3391$b40$c20190617$lBLL01$h2133
=CAT  \\$a15005$b40$c20200311$lBLL01$h0940
=DRT  \\$aLD-ebooks
=SRC  \\$aDocument Harvester
=STA  \\$aSUPPRESSED$bRebatched as Serial
=LAS  \\$a15005$b40$c20200311$lBLL01$h0940

