=LDR  01624 am a22004095i 4500
=001  019592285
=003  Uk
=005  20191114153154.0
=006  m\\\\||\\d\|\\\\\\
=007  cr\|||||||||||
=008  191031s2019\\\\xxk|||||o\\\\||||\||eng\\
=FMT  \\$a  BK
=040  \\$aUk$beng$cUk
=245  00$aUK Chief Medical Officers' Physical Activity Guidelines.
=264  \1$bDepartment of Health and Social Care,$c2019.
=300  \\$a1 online resource.
=336  \\$atext$2rdacontent
=337  \\$acomputer$2rdamedia
=338  \\$aonline resource$2rdacarrier
=690  7\$aSocial Welfare$2blcoll
=690  7\$aOpen Government Licence Collection$2blcoll
=650  \7$aPublic health$2fast$0(OCoLC)fst01082238
=710  1\$aGreat Britain.$bDepartment of Health & Social Care.
=710  1\$aWales.$bWelsh Government.
=710  1\$aNorthern Ireland.$bDepartment of Health.
=856  40$uhttps://www.webarchive.org.uk/access/resolve/20190909212403/https://assets.publishing.service.gov.uk/government/uploads/system/uploads/attachment_data/file/829841/uk-chief-medical-officers-physical-activity-guidelines.pdf$yCollection item
=859  \\$aELD$bebook
=852  \\$aBritish Library$bHMNTS$cDRT$jELD.DS.466677
=985  \\$aDocument Harvester record do not match & merge
=CAT  \\$aBATCH-EBKN$b00$c20191031$lBLL01$h0210
=CAT  \\$aEBKS-FXD$c20191031$lBLL01$h0213
=CAT  \\$aBATCH$b00$c20191031$lBLL01$h0213
=CAT  \\$a8250$b40$c20191114$lBLL01$h1531
=DRT  \\$aLD-ebooks
=SRC  \\$aDocument Harvester
=STA  \\$aSUPPRESSED$bDuplicate of Aleph #019567355
=LAS  \\$a8250$b40$c20191114$lBLL01$h1531

