=LDR  01527 am a22003975i 4500
=001  019670233
=003  Uk
=005  20210304113300.0
=006  m\\\\||\\d\|\\\\\\
=007  cr\|||||||||||
=008  200111s2014\\\\xxk|||||o\\\\||||\||eng\\
=FMT  \\$a  BK
=040  \\$aUk$beng$cUk
=245  00$aOperational Plan 2011-2016 DFID Uganda.
=250  \\$aUpdated December 2014.
=264  \1$bDepartment for International Development,$c2014.
=300  \\$a1 online resource.
=336  \\$atext$2rdacontent
=337  \\$acomputer$2rdamedia
=338  \\$aonline resource$2rdacarrier
=690  7\$aOpen Government Licence Collection$2blcoll
=650  \7$aEconomic assistance$2fast$0(OCoLC)fst00901592
=700  1\$afor International Development, Department
=710  1\$aGreat Britain.$bDepartment for International Development.
=856  40$uhttps://www.webarchive.org.uk/access/resolve/20191209132406/https://assets.publishing.service.gov.uk/government/uploads/system/uploads/attachment_data/file/389293/Uganda.pdf$yCollection item
=859  \\$aELD$bebook
=852  \\$aBritish Library$bHMNTS$cDRT$jELD.DS.482163
=985  \\$aDocument Harvester record do not match & merge
=CAT  \\$aBATCH-EBKN$b00$c20200111$lBLL01$h0209
=CAT  \\$aEBKS-FXD$c20200111$lBLL01$h0214
=CAT  \\$aBATCH$b00$c20200111$lBLL01$h0214
=CAT  \\$a14412$b40$c20210304$lBLL01$h1133
=DRT  \\$aLD-ebooks
=SRC  \\$aDocument Harvester
=STA  \\$aSUPPRESSED$bRe-batched as Serial
=LAS  \\$a14412$b40$c20210304$lBLL01$h1133

