=LDR  01434 am a22003735i 4500
=001  019763016
=003  Uk
=005  20210304134704.0
=006  m\\\\||\\d\|\\\\\\
=007  cr\|||||||||||
=008  200329s2014\\\\xxk|||||o\\\\||||\||eng\\
=FMT  \\$a  BK
=040  \\$aUk$beng$cUk
=245  00$aOperational plan 2011-2016 :$bDFID Vietnam.
=264  \1$bDepartment for International Development,$c2014.
=300  \\$a1 online resource.
=336  \\$atext$2rdacontent
=337  \\$acomputer$2rdamedia
=338  \\$aonline resource$2rdacarrier
=690  7\$aOpen Government Licence Collection$2blcoll
=650  \7$aEconomic assistance$2fast$0(OCoLC)fst00901592
=710  1\$aGreat Britain.$bDepartment for International Development.
=856  40$uhttps://www.webarchive.org.uk/access/resolve/20191117100829/https://assets.publishing.service.gov.uk/government/uploads/system/uploads/attachment_data/file/389091/Vietnam.pdf$yCollection item
=859  \\$aELD$bebook
=852  \\$aBritish Library$bHMNTS$cDRT$jELD.DS.497561
=985  \\$aDocument Harvester record do not match & merge
=CAT  \\$aBATCH-EBKN$b00$c20200329$lBLL01$h0510
=CAT  \\$aEBKS-FXD$c20200329$lBLL01$h0513
=CAT  \\$aBATCH$b00$c20200329$lBLL01$h0513
=CAT  \\$a14412$b40$c20210304$lBLL01$h1347
=DRT  \\$aLD-ebooks
=SRC  \\$aDocument Harvester
=STA  \\$aSUPPRESSED$bRebatched as Serial
=LAS  \\$a14412$b40$c20210304$lBLL01$h1347

