=LDR  01475cam a22003855i 4500
=001  019774645
=003  Uk
=005  20230829120704.0
=006  m\\\\||\\d\|\\\\\\
=007  cr\|||||||||||
=008  200419s2020\\\\xxk|||||o\\\\||||\||eng\\
=FMT  \\$a  BK
=040  \\$aUk$beng$cUk
=245  00$aCivil Service People Survey 2019 :$bTechnical Guide.
=264  \1$bCabinet Office,$c2020.
=300  \\$a1 online resource.
=336  \\$atext$2rdacontent
=337  \\$acomputer$2rdamedia
=338  \\$aonline resource$2rdacarrier
=690  7\$aOpen Government Licence Collection$2blcoll
=650  \7$aCivil service$2fast$0(OCoLC)fst00862730
=710  1\$aGreat Britain.$bCabinet Office.
=856  40$uhttps://www.webarchive.org.uk/access/resolve/20200328150050/https://assets.publishing.service.gov.uk/government/uploads/system/uploads/attachment_data/file/867302/Civil-Service-People-Survey-2019-Technical-Guide.pdf$yCollection item
=859  \\$aELD$bebook
=852  \\$aBritish Library$bHMNTS$cDRT$jELD.DS.500440
=985  \\$aDocument Harvester record do not match & merge
=CAT  \\$aBATCH-EBKN$b00$c20200419$lBLL01$h0218
=CAT  \\$aEBKS-FXD$c20200419$lBLL01$h0231
=CAT  \\$aBATCH$b00$c20200419$lBLL01$h0233
=CAT  \\$a14412$b40$c20230829$lBLL01$h1206
=CAT  \\$a14412$b40$c20230829$lBLL01$h1207
=DRT  \\$aLD-ebooks
=SRC  \\$aDocument Harvester
=STA  \\$aSUPPRESSED$bRebatched as Serial
=LAS  \\$a14412$b40$c20230829$lBLL01$h1207

