=LDR  02008 am a2200517 i 4500
=001  019955167
=003  Uk
=005  20210129142704.0
=006  m\\\\||\\d\|\\\\\\
=007  cr\|||||||||||
=008  200927s2020\\\\xxk|||||o\\\\||||\||eng\\
=FMT  \\$a  BK
=015  \\$aGBC0E9993$2bnb
=040  \\$aUk$beng$cUk
=042  \\$aukblsr
=082  04$a362.1$223
=245  00$aImpact of physical distancing measures due to COVID-19 pandemic in England on childhood vaccination counts.
=264  \1$a[United Kingdom] :$bPublic Health England,$c2020.
=300  \\$a1 online resource.
=336  \\$atext$2rdacontent
=337  \\$acomputer$2rdamedia
=338  \\$aonline resource$2rdacarrier
=490  0\$aHealth Protection Report ;$vVolume 14 Number 16, 14 September 2020
=690  7\$aScience, Technology and Medicine$2blcoll
=690  7\$aOpen Government Licence Collection$2blcoll
=650  \7$aPublic health$2fast$0(OCoLC)fst01082238
=650  \7$aDiseases$2fast$0(OCoLC)fst00895158
=650  \7$aChildren$2fast$0(OCoLC)fst00854835
=690  7\$aSocial Welfare$2blcoll
=710  2\$aPublic Health England.
=856  40$uhttps://www.webarchive.org.uk/access/resolve/20200914105311/https://assets.publishing.service.gov.uk/government/uploads/system/uploads/attachment_data/file/917224/hpr1620_chldhd-VC.pdf$yCollection item
=859  \\$aELD$bebook
=852  \\$aBritish Library$bHMNTS$cDRT$jELD.DS.556971
=985  \\$aDocument Harvester record do not match & merge
=CAT  \\$aBATCH-EBKN$b00$c20200927$lBLL01$h0227
=CAT  \\$aEBKS-FXD$c20200927$lBLL01$h0239
=CAT  \\$aBATCH$b00$c20200927$lBLL01$h0240
=CAT  \\$aBATCH-DDC$b00$c20200929$lBLL01$h1730
=CAT  \\$aBATCH$b00$c20200929$lBLL01$h1730
=CAT  \\$aBATCH-SWP$c20201002$lBLL01$h2236
=CAT  \\$a15190$b40$c20210129$lBLL01$h1427
=FIN  \\$aY$d20200929
=DRT  \\$aLD-ebooks
=SRC  \\$aDocument Harvester
=STA  \\$aSUPPRESSED$bRebatched as Serial
=LAS  \\$a15190$b40$c20210129$lBLL01$h1427

