=LDR  02084cam a2200505 i 4500
=001  020521398
=003  Uk
=005  20230527232120.0
=006  m\\\\||\\d\|\\\\\\
=007  cr\|||||||||||
=008  220317s2021\\\\xxk|||||o\\\\||||\||eng\\
=FMT  \\$a  BK
=015  \\$aGBC251615$2bnb
=040  \\$aUk$beng$cUk
=042  \\$aukblsr
=082  04$a362.1$223
=245  00$aHealth Visitor Service Delivery Metrics (Experimental Statistics) :$b2020/2021 Annual Data Statistical Commentary (November 2021).
=264  \1$a[United Kingdom] :$bOffice for Health Improvement & Disparities,$c2021.
=300  \\$a1 online resource.
=336  \\$atext$2rdacontent
=337  \\$acomputer$2rdamedia
=338  \\$aonline resource$2rdacarrier
=690  7\$aSocial Welfare$2blcoll
=690  7\$aOpen Government Licence Collection$2blcoll
=650  \7$aPublic health.$2fast$0(OCoLC)fst01082238
=650  \7$aHealth services administration$xStatistical methods.$2fast$0(OCoLC)fst00953317
=710  1\$aGreat Britain.$bOffice for Health Improvement & Disparities.
=856  40$uhttps://www.webarchive.org.uk/access/resolve/20220307134321/https://assets.publishing.service.gov.uk/government/uploads/system/uploads/attachment_data/file/1033320/2020-21_Annual_-_Health_Visitor_Statistical_Commentary-3.pdf$yCollection item
=859  \\$aELD$bebook
=852  \\$aBritish Library$bHMNTS$cDRT$jELD.DS.670288
=985  \\$aDocument Harvester record do not match & merge
=CAT  \\$aBATCH-EBKN$b00$c20220317$lBLL01$h0200
=CAT  \\$aEBKS-FXD$c20220317$lBLL01$h0204
=CAT  \\$aBATCH$b00$c20220317$lBLL01$h0205
=CAT  \\$aBATCH-DDC$b00$c20220322$lBLL01$h1726
=CAT  \\$aBATCH$b00$c20220322$lBLL01$h1727
=CAT  \\$a15623$b40$c20220329$lBLL01$h1641
=CAT  \\$a15623$b40$c20220329$lBLL01$h1642
=CAT  \\$a15020$b40$c20221020$lBLL01$h1142
=CAT  \\$a15623$b40$c20230527$lBLL01$h2321
=FIN  \\$aY$d20220322
=DRT  \\$aLD-ebooks
=SRC  \\$aDocument Harvester
=STA  \\$aSUPPRESSED$bRe-batched as Serial
=LAS  \\$a15623$b40$c20230527$lBLL01$h2321

