=LDR  01562 am a22004095i 4500
=001  019025050
=003  Uk
=005  20210408104206.0
=006  m\\\\||\\d\|\\\\\\
=007  cr\|||||||||||
=008  180821s2018\\\\xxk|||||o\\\\||||\||eng\\
=FMT  \\$a  BK
=020  \\$a9781786556998
=040  \\$aUk$beng$cUk
=245  00$aFire and rescue incident statistics :$bEngland, year ending March 2018.
=264  \1$bHome Office,$c2018.
=300  \\$a1 online resource.
=336  \\$atext$2rdacontent
=337  \\$acomputer$2rdamedia
=338  \\$aonline resource$2rdacarrier
=490  0\$aStatistical Bulletin$v16/18
=690  7\$aOpen Government Licence Collection$2blcoll
=650  \7$aPublic safety$2fast$0(OCoLC)fst01745346
=650  \7$aStatistics$2fast$0(OCoLC)fst01423727
=710  1\$aGreat Britain.$bHome Office.
=856  40$uhttps://www.webarchive.org.uk/access/resolve/20180812215024/https://assets.publishing.service.gov.uk/government/uploads/system/uploads/attachment_data/file/732555/fire-and-rescue-incident-march-2018-hosb1618.pdf$yCollection item
=859  \\$aELD$bebook
=852  \\$aBritish Library$bHMNTS$cDRT$jELD.DS.320710
=985  \\$aDocument Harvester record do not match & merge
=CAT  \\$aBATCH-EBKN$b00$c20180821$lBLL01$h0210
=CAT  \\$aEBKS-FXD$c20180821$lBLL01$h0214
=CAT  \\$aBATCH$b00$c20180821$lBLL01$h0214
=CAT  \\$a14412$b40$c20210408$lBLL01$h1042
=DRT  \\$aLD-ebooks
=SRC  \\$aDocument Harvester
=STA  \\$aSUPPRESSED$bRebatched as Serial
=LAS  \\$a14412$b40$c20210408$lBLL01$h1042

