=LDR  01726 am a22004455i 4500
=001  019030709
=003  Uk
=005  20210609144736.0
=006  m\\\\||\\d\|\\\\\\
=007  cr\|||||||||||
=008  180826s2018\\\\xxk|||||o\\\\||||\||eng\\
=FMT  \\$a  BK
=020  \\$a9781786554284
=040  \\$aUk$beng$cUk
=245  00$aFire and rescue workforce and pensions statistics :$bEngland April 2016 to March 2017.
=250  \\$a2nd Edition.
=264  \1$bHome Office,$c2018.
=300  \\$a1 online resource.
=336  \\$atext$2rdacontent
=337  \\$acomputer$2rdamedia
=338  \\$aonline resource$2rdacarrier
=490  0\$aStatistical Bulletin ;$v18/17
=690  7\$aSocial Welfare$2blcoll
=690  7\$aOpen Government Licence Collection$2blcoll
=650  \7$aPensions$2fast$0(OCoLC)fst01057086
=650  \7$aStatistics$2fast$0(OCoLC)fst01423727
=710  1\$aGreat Britain.$bHome Office.
=856  40$uhttps://www.webarchive.org.uk/access/resolve/20180820182051/https://assets.publishing.service.gov.uk/government/uploads/system/uploads/attachment_data/file/732708/fire-rescue-workforce-pensions-1617-hosb1817.pdf$yCollection item
=859  \\$aELD$bebook
=852  \\$aBritish Library$bHMNTS$cDRT$jELD.DS.322713
=985  \\$aResubmitted eBook record match on ISBN to existing record 018640246
=985  \\$aDocument Harvester record do not match & merge
=CAT  \\$aBATCH-EBKN$b00$c20180826$lBLL01$h0218
=CAT  \\$aEBKS-FXD$c20180826$lBLL01$h0224
=CAT  \\$aBATCH$b00$c20180826$lBLL01$h0225
=CAT  \\$a15190$b40$c20210609$lBLL01$h1447
=DRT  \\$aLD-ebooks
=SRC  \\$aDocument Harvester
=STA  \\$aSUPPRESSED$bRebatched as Serial
=LAS  \\$a15190$b40$c20210609$lBLL01$h1447

