=LDR  01590 am a22004095i 4500
=001  019046381
=003  Uk
=005  20200311153604.0
=006  m\\\\||\\d\|\\\\\\
=007  cr\|||||||||||
=008  180909s2018\\\\xxk|||||o\\\\||||\||eng\\
=FMT  \\$a  BK
=020  \\$a9781786557001
=040  \\$aUk$beng$cUk
=245  00$aThird report on statistics being collected under the exit checks programme.
=264  \1$bHome Office,$c2018.
=300  \\$a1 online resource.
=336  \\$atext$2rdacontent
=337  \\$acomputer$2rdamedia
=338  \\$aonline resource$2rdacarrier
=690  7\$aSocial Welfare$2blcoll
=690  7\$aOpen Government Licence Collection$2blcoll
=650  \7$aEmigration and immigration$2fast$0(OCoLC)fst00908690
=650  \7$aStatistics$2fast$0(OCoLC)fst01423727
=710  1\$aGreat Britain.$bHome Office.
=856  40$uhttps://www.webarchive.org.uk/access/resolve/20180827172715/https://assets.publishing.service.gov.uk/government/uploads/system/uploads/attachment_data/file/735224/third-report-on-statistics-being-collected-under-exit-checks.pdf$yCollection item
=859  \\$aELD$bebook
=852  \\$aBritish Library$bHMNTS$cDRT$jELD.DS.324302
=985  \\$aDocument Harvester record do not match & merge
=CAT  \\$aBATCH-EBKN$b00$c20180909$lBLL01$h0202
=CAT  \\$aEBKS-FXD$c20180909$lBLL01$h0212
=CAT  \\$aBATCH$b00$c20180909$lBLL01$h0213
=CAT  \\$a15005$b40$c20200311$lBLL01$h1536
=DRT  \\$aLD-ebooks
=SRC  \\$aDocument Harvester
=STA  \\$aSUPPRESSED$bRebatched as Serial
=LAS  \\$a15005$b40$c20200311$lBLL01$h1536

