=LDR  01653 am a22004215i 4500
=001  019053367
=003  Uk
=005  20210408104540.0
=006  m\\\\||\\d\|\\\\\\
=007  cr\|||||||||||
=008  180916s2018\\\\xxk|||||o\\\\||||\||eng\\
=FMT  \\$a  BK
=020  \\$a9781786557018
=040  \\$aUk$beng$cUk
=245  00$aDetailed analysis of fires attended by fire and rescue services, England, April 2017 to March 2018.
=264  \1$bHome Office,$c2018.
=300  \\$a1 online resource.
=336  \\$atext$2rdacontent
=337  \\$acomputer$2rdamedia
=338  \\$aonline resource$2rdacarrier
=490  0\$aStatistical Bulletin ;$v17/18
=690  7\$aSocial Welfare$2blcoll
=690  7\$aOpen Government Licence Collection$2blcoll
=650  \7$aPublic safety$2fast$0(OCoLC)fst01745346
=650  \7$aStatistics$2fast$0(OCoLC)fst01423727
=710  1\$aGreat Britain.$bHome Office.
=856  40$uhttps://www.webarchive.org.uk/access/resolve/20180911034831/https://assets.publishing.service.gov.uk/government/uploads/system/uploads/attachment_data/file/738432/detailed-analysis-fires-attended-fire-rescue-england-1718-hosb1718.pdf$yCollection item
=859  \\$aELD$bebook
=852  \\$aBritish Library$bHMNTS$cDRT$jELD.DS.328878
=985  \\$aDocument Harvester record do not match & merge
=CAT  \\$aBATCH-EBKN$b00$c20180916$lBLL01$h0201
=CAT  \\$aEBKS-FXD$c20180916$lBLL01$h0209
=CAT  \\$aBATCH$b00$c20180916$lBLL01$h0209
=CAT  \\$a14412$b40$c20210408$lBLL01$h1045
=DRT  \\$aLD-ebooks
=SRC  \\$aDocument Harvester
=STA  \\$aSUPPRESSED$bRebatched as Serial
=LAS  \\$a14412$b40$c20210408$lBLL01$h1045

