=LDR  01614 am a22004215i 4500
=001  019099758
=003  Uk
=005  20210609144848.0
=006  m\\\\||\\d\|\\\\\\
=007  cr\|||||||||||
=008  181027s2018\\\\xxk|||||o\\\\||||\||eng\\
=FMT  \\$a  BK
=020  \\$a9781786557087
=040  \\$aUk$beng$cUk
=245  00$aFire and rescue workforce and pensions statistics :$bEngland, April 2017 to March 2018.
=264  \1$bHome Office,$c2018.
=300  \\$a1 online resource.
=336  \\$atext$2rdacontent
=337  \\$acomputer$2rdamedia
=338  \\$aonline resource$2rdacarrier
=490  0\$aStatistical Bulletin ;$v22/18
=690  7\$aSocial Welfare$2blcoll
=690  7\$aOpen Government Licence Collection$2blcoll
=650  \7$aPensions$2fast$0(OCoLC)fst01057086
=650  \7$aStatistics$2fast$0(OCoLC)fst01423727
=710  1\$aGreat Britain.$bHome Office.
=856  40$uhttps://www.webarchive.org.uk/access/resolve/20181023033540/https://assets.publishing.service.gov.uk/government/uploads/system/uploads/attachment_data/file/750081/fire-rescue-workforce-pensions-1718-hosb2218.pdf$yCollection item
=859  \\$aELD$bebook
=852  \\$aBritish Library$bHMNTS$cDRT$jELD.DS.344602
=985  \\$aDocument Harvester record do not match & merge
=CAT  \\$aBATCH-EBKN$b00$c20181027$lBLL01$h0204
=CAT  \\$aEBKS-FXD$c20181027$lBLL01$h0217
=CAT  \\$aBATCH$b00$c20181027$lBLL01$h0218
=CAT  \\$a15190$b40$c20210609$lBLL01$h1448
=DRT  \\$aLD-ebooks
=SRC  \\$aDocument Harvester
=STA  \\$aSUPPRESSED$bRebatched as Serial
=LAS  \\$a15190$b40$c20210609$lBLL01$h1448

