=LDR  01574 am a22004095i 4500
=001  019099761
=003  Uk
=005  20190827160959.0
=006  m\\\\||\\d\|\\\\\\
=007  cr\|||||||||||
=008  181027s2018\\\\xxk|||||o\\\\||||\||eng\\
=FMT  \\$a  BK
=040  \\$aUk$beng$cUk
=245  00$aNHS Bursary Scheme new rules.
=250  \\$aSeventh Edition.
=264  \1$bDepartment of Health and Social Care,$c2018.
=300  \\$a1 online resource.
=336  \\$atext$2rdacontent
=337  \\$acomputer$2rdamedia
=338  \\$aonline resource$2rdacarrier
=690  7\$aSocial Welfare$2blcoll
=690  7\$aOpen Government Licence Collection$2blcoll
=650  \7$aNational health services$2fast$0(OCoLC)fst01033565
=650  \7$aEducation, Higher$2fast$0(OCoLC)fst00903005
=710  1\$aGreat Britain.$bDepartment of Health & Social Care.
=856  40$uhttps://www.webarchive.org.uk/access/resolve/20181023041855/https://assets.publishing.service.gov.uk/government/uploads/system/uploads/attachment_data/file/749539/nhs-bursary-scheme-rules-2018-2019.pdf$yCollection item
=859  \\$aELD$bebook
=852  \\$aBritish Library$bHMNTS$cDRT$jELD.DS.344605
=985  \\$aDocument Harvester record do not match & merge
=CAT  \\$aBATCH-EBKN$b00$c20181027$lBLL01$h0204
=CAT  \\$aEBKS-FXD$c20181027$lBLL01$h0217
=CAT  \\$aBATCH$b00$c20181027$lBLL01$h0218
=CAT  \\$a15005$b40$c20190827$lBLL01$h1609
=DRT  \\$aLD-ebooks
=SRC  \\$aDocument Harvester
=STA  \\$aSUPPRESSED$bRebatched as Serial
=LAS  \\$a15005$b40$c20190827$lBLL01$h1609

