=LDR  01714 am a22004095i 4500
=001  019100523
=003  Uk
=005  20200721085534.0
=006  m\\\\||\\d\|\\\\\\
=007  cr\|||||||||||
=008  181028s2018\\\\xxk|||||o\\\\||||\||eng\\
=FMT  \\$a  BK
=020  \\$a9781786590893
=040  \\$aUk$beng$cUk
=245  00$aEconomic labour market status of individuals aged 50 and over, trends over time :$bOctober 2018 (experimental) : Background information and methodology.
=264  \1$bDepartment for Work and Pensions,$c2018.
=300  \\$a1 online resource.
=336  \\$atext$2rdacontent
=337  \\$acomputer$2rdamedia
=338  \\$aonline resource$2rdacarrier
=690  7\$aSocial Welfare$2blcoll
=690  7\$aOpen Government Licence Collection$2blcoll
=650  \7$aOlder people$2fast$0(OCoLC)fst01199093
=650  \7$aLabor market$2fast$0(OCoLC)fst00990036
=710  1\$aGreat Britain.$bDepartment for Work and Pensions.
=856  40$uhttps://www.webarchive.org.uk/access/resolve/20181016020647/https://assets.publishing.service.gov.uk/government/uploads/system/uploads/attachment_data/file/746932/economic-labour-market-status-background-information-and-methodology-oct-2018.pdf$yCollection item
=859  \\$aELD$bebook
=852  \\$aBritish Library$bHMNTS$cDRT$jELD.DS.345019
=985  \\$aDocument Harvester record do not match & merge
=CAT  \\$aBATCH-EBKN$b00$c20181028$lBLL01$h0416
=CAT  \\$aEBKS-FXD$c20181028$lBLL01$h0422
=CAT  \\$aBATCH$b00$c20181028$lBLL01$h0423
=CAT  \\$a14412$b40$c20200721$lBLL01$h0855
=DRT  \\$aLD-ebooks
=SRC  \\$aDocument Harvester
=STA  \\$aSUPPRESSED$bRebatched as Serial
=LAS  \\$a14412$b40$c20200721$lBLL01$h0855

