=LDR  01503 am a22003975i 4500
=001  019193602
=003  Uk
=005  20210616114729.0
=006  m\\\\||\\d\|\\\\\\
=007  cr\|||||||||||
=008  181223s2018\\\\xxk|||||o\\\\||||\||eng\\
=FMT  \\$a  BK
=040  \\$aUk$beng$cUk
=245  00$aUser guide to 'Police use of force statistics, England and Wales'.
=264  \1$bHome Office,$c2018.
=300  \\$a1 online resource.
=336  \\$atext$2rdacontent
=337  \\$acomputer$2rdamedia
=338  \\$aonline resource$2rdacarrier
=690  7\$aSocial Welfare$2blcoll
=690  7\$aOpen Government Licence Collection$2blcoll
=650  \7$aPolice$2fast$0(OCoLC)fst01068398
=650  \7$aStatistics$2fast$0(OCoLC)fst01423727
=710  1\$aGreat Britain.$bHome Office.
=856  40$uhttps://www.webarchive.org.uk/access/resolve/20181218040312/https://assets.publishing.service.gov.uk/government/uploads/system/uploads/attachment_data/file/763512/user-guide-police-use-of-force.pdf$yCollection item
=859  \\$aELD$bebook
=852  \\$aBritish Library$bHMNTS$cDRT$jELD.DS.375411
=985  \\$aDocument Harvester record do not match & merge
=CAT  \\$aBATCH-EBKN$b00$c20181223$lBLL01$h0201
=CAT  \\$aEBKS-FXD$c20181223$lBLL01$h0207
=CAT  \\$aBATCH$b00$c20181223$lBLL01$h0208
=CAT  \\$a15190$b40$c20210616$lBLL01$h1147
=DRT  \\$aLD-ebooks
=SRC  \\$aDocument Harvester
=STA  \\$aSUPPRESSED$bRebatched as Serial
=LAS  \\$a15190$b40$c20210616$lBLL01$h1147

